@article{Hime:2011ms,
      author         = "Hime, Andrew",
      title          = "{The MiniCLEAN Dark Matter Experiment}",
      collaboration  = "MiniCLEAN Collaboration",
      year           = "2011",
      eprint         = "1110.1005",
      archivePrefix  = "arXiv",
      primaryClass   = "physics.ins-det",
      SLACcitation   = "%%CITATION = ARXIV:1110.1005;%%",
}

@article{Boger:1999bb,
      author         = "Boger, J. and others",
      title          = "{The Sudbury neutrino observatory}",
      collaboration  = "SNO Collaboration",
      journal        = "Nucl.Instrum.Meth.",
      volume         = "A449",
      pages          = "172-207",
      doi            = "10.1016/S0168-9002(99)01469-2",
      year           = "2000",
      eprint         = "nucl-ex/9910016",
      archivePrefix  = "arXiv",
      primaryClass   = "nucl-ex",
      reportNumber   = "SNO-STR-99-025",
      SLACcitation   = "%%CITATION = NUCL-EX/9910016;%%",
}

@article{Jillings:1996sm,
      author         = "Jillings, C.J. and Ford, R.J. and Hallin, A.L. and
                        Harvey, P. and MacLeod, R.W. and others",
      title          = "{The photomultiplier tube testing facility for the
                        Sudbury Neutrino Observatory}",
      journal        = "Nucl.Instrum.Meth.",
      volume         = "A373",
      pages          = "421-429",
      doi            = "10.1016/0168-9002(96)00067-8",
      year           = "1996",
      SLACcitation   = "%%CITATION = NUIMA,A373,421;%%",
}